<record xmlns="http://www.loc.gov/MARC21/slim" xmlns:xsi="http://www.w3.org/2001/XMLSchema-instance" xsi:schemaLocation="http://www.loc.gov/MARC21/slim http://www.loc.gov/standards/marcxml/schema/MARC21slim.xsd"><leader>01852nam a2200409   4500</leader><controlfield tag="001">001701143</controlfield><controlfield tag="003">NNU</controlfield><controlfield tag="006">m        d        </controlfield><controlfield tag="007">cr cn |||m|||a</controlfield><controlfield tag="008">150223s1947    ua      ob    000 0 ara d</controlfield><datafield ind1=" " ind2=" " tag="040"><subfield code="a">NNU</subfield><subfield code="b">eng</subfield><subfield code="c">NNU</subfield></datafield><datafield ind1=" " ind2=" " tag="066"><subfield code="c">(3</subfield></datafield><datafield ind1=" " ind2=" " tag="090"><subfield code="a">B746</subfield><subfield code="b">.D5</subfield></datafield><datafield ind1="1" ind2=" " tag="100"><subfield code="6">880-01</subfield><subfield code="a">Das&#363;q&#299;, &#699;Umar</subfield></datafield><datafield ind1="1" ind2="0" tag="245"><subfield code="6">880-02</subfield><subfield code="a">Ikhw&#257;n al-&#7778;af&#257;&#700;</subfield><subfield code="h">[electronic resource] /</subfield><subfield code="c">ta&#700;l&#299;f &#699;Umar al-Das&#363;q&#299;.</subfield></datafield><datafield ind1=" " ind2=" " tag="260"><subfield code="6">880-03</subfield><subfield code="a">[Cairo] :</subfield><subfield code="b">Dar I&#7717;y&#257;&#700; al-Kutub al-&#699;Arab&#299;yah,</subfield><subfield code="c">[1947]</subfield></datafield><datafield ind1=" " ind2=" " tag="300"><subfield code="a">online resource (237 p.)</subfield></datafield><datafield ind1="1" ind2=" " tag="490"><subfield code="6">880-04</subfield><subfield code="a">Mu&#700;allaf&#257;t al-Jam&#699;&#299;yah al-Falsaf&#299;yah al-Mi&#7779;r&#299;yah</subfield></datafield><datafield ind1=" " ind2=" " tag="500"><subfield code="a">Part of the Arabic Collections Online (ACO) project, contributed by New York Univeristy Libraries.</subfield></datafield><datafield ind1=" " ind2=" " tag="504"><subfield code="a">Bibliographical footnotes.</subfield></datafield><datafield ind1=" " ind2=" " tag="533"><subfield code="a">Electronic reproduction.</subfield><subfield code="b">New York, N.Y. :</subfield><subfield code="c">New York University,</subfield><subfield code="d">2015.</subfield><subfield code="5">NNU</subfield></datafield><datafield ind1="2" ind2="0" tag="610"><subfield code="6">880-05</subfield><subfield code="a">Ikhw&#257;n al-&#7778;af&#257;&#700;</subfield></datafield><datafield ind1=" " ind2="0" tag="650"><subfield code="a">Islamic philosophy.</subfield></datafield><datafield ind1=" " ind2="0" tag="650"><subfield code="a">Islamic learning and scholarship.</subfield></datafield><datafield ind1="2" ind2=" " tag="710"><subfield code="a">New York University.</subfield><subfield code="b">Libraries.</subfield></datafield><datafield ind1="0" ind2=" " tag="730"><subfield code="a">Arabic Collections Online.</subfield></datafield><datafield ind1="0" ind2="8" tag="776"><subfield code="i">Print version:</subfield><subfield code="a">Das&#363;q&#299;, &#699;Umar 880-01</subfield><subfield code="t">Ikhw&#257;n al-&#7778;af&#257;&#700;</subfield><subfield code="w">(NNU)001701143</subfield></datafield><datafield ind1="4" ind2="0" tag="856"><subfield code="u">http://hdl.handle.net/2333.1/tqjq2dqq</subfield></datafield><datafield ind1="1" ind2=" " tag="880"><subfield code="6">100-01/</subfield><subfield code="a">&#1583;&#1587;&#1608;&#1602;&#1610;&#1548; &#1593;&#1605;&#1585;.</subfield></datafield><datafield ind1="1" ind2="0" tag="880"><subfield code="6">245-02/</subfield><subfield code="a">&#1573;&#1582;&#1608;&#1575;&#1606; &#1575;&#1604;&#1589;&#1601;&#1575;&#1569; /</subfield><subfield code="c">&#1578;&#1571;&#1604;&#1610;&#1601; &#1593;&#1605;&#1585; &#1575;&#1604;&#1583;&#1587;&#1608;&#1602;&#1610;.</subfield></datafield><datafield ind1=" " ind2=" " tag="880"><subfield code="6">260-03/</subfield><subfield code="a">[&#1575;&#1604;&#1602;&#1575;&#1607;&#1585;&#1577;] :</subfield><subfield code="b">&#1583;&#1575;&#1585; &#1573;&#1581;&#1610;&#1575;&#1569; &#1575;&#1604;&#1603;&#1578;&#1576; &#1575;&#1604;&#1593;&#1585;&#1576;&#1610;&#1577;&#1548;</subfield><subfield code="c">[1947]</subfield></datafield><datafield ind1="1" ind2=" " tag="880"><subfield code="6">490-04/</subfield><subfield code="a">&#1605;&#1572;&#1604;&#1601;&#1575;&#1578; &#1575;&#1604;&#1580;&#1605;&#1593;&#1610;&#1577; &#1575;&#1604;&#1601;&#1604;&#1587;&#1601;&#1610;&#1577; &#1575;&#1604;&#1605;&#1589;&#1585;&#1610;&#1577;</subfield></datafield><datafield ind1="2" ind2="0" tag="880"><subfield code="6">610-05/</subfield><subfield code="a">&#1573;&#1582;&#1608;&#1575;&#1606; &#1575;&#1604;&#1589;&#1601;&#1575;&#1569;.</subfield></datafield><datafield ind1=" " ind2="0" tag="830"><subfield code="6">880-06</subfield><subfield code="a">Mu&#700;allaf&#257;t al-Jam&#699;&#299;yah al-Falsaf&#299;yah al-Mi&#7779;r&#299;yah</subfield></datafield><datafield ind1=" " ind2="0" tag="880"><subfield code="6">830-06/</subfield><subfield code="a">&#1605;&#1572;&#1604;&#1601;&#1575;&#1578; &#1575;&#1604;&#1580;&#1605;&#1593;&#1610;&#1577; &#1575;&#1604;&#1601;&#1604;&#1587;&#1601;&#1610;&#1577; &#1575;&#1604;&#1605;&#1589;&#1585;&#1610;&#1577;</subfield></datafield><datafield ind1=" " ind2=" " tag="959"><subfield code="a">NNU</subfield><subfield code="b">WEB</subfield><subfield code="c">GENI</subfield><subfield code="t">0</subfield><subfield code="m">Electronic access</subfield><subfield code="s">01</subfield></datafield><datafield ind1=" " ind2=" " tag="999"><subfield code="i">NNU_001701143</subfield><subfield code="s">nyu_aco000410</subfield></datafield></record>